%YAML 1.1
%TAG !u! tag:unity3d.com,2011:
--- !u!65 &7777991054892105472
BoxCollider:
  m_ObjectHideFlags: 0
  m_CorrespondingSourceObject: {fileID: 0}
  m_PrefabInstance: {fileID: 0}
  m_PrefabAsset: {fileID: 0}
  m_GameObject: {fileID: 2843225335980501871}
  m_Material: {fileID: 0}
  m_IsTrigger: 0
  m_Enabled: 1
  serializedVersion: 2
  m_Size: {x: 0.88, y: 14.742584, z: 0.97}
  m_Center: {x: -0.06, y: 7.371292, z: 0.05}
--- !u!65 &8904309587256163380
BoxCollider:
  m_ObjectHideFlags: 0
  m_CorrespondingSourceObject: {fileID: 0}
  m_PrefabInstance: {fileID: 0}
  m_PrefabAsset: {fileID: 0}
  m_GameObject: {fileID: 7777991054613876862}
  m_Material: {fileID: 0}
  m_IsTrigger: 0
  m_Enabled: 1
  serializedVersion: 2
  m_Size: {x: 0.88, y: 14.742584, z: 0.97}
  m_Center: {x: -0.06, y: 7.371292, z: 0.05}
--- !u!65 &8904309586340691585
BoxCollider:
  m_ObjectHideFlags: 0
  m_CorrespondingSourceObject: {fileID: 0}
  m_PrefabInstance: {fileID: 0}
  m_PrefabAsset: {fileID: 0}
  m_GameObject: {fileID: 7777991055656118935}
  m_Material: {fileID: 0}
  m_IsTrigger: 0
  m_Enabled: 1
  serializedVersion: 2
  m_Size: {x: 0.88, y: 14.742583, z: 0.97}
  m_Center: {x: -0.06, y: 7.3712916, z: 0.05}
--- !u!65 &8904309586556832448
BoxCollider:
  m_ObjectHideFlags: 0
  m_CorrespondingSourceObject: {fileID: 0}
  m_PrefabInstance: {fileID: 0}
  m_PrefabAsset: {fileID: 0}
  m_GameObject: {fileID: 7777991055797583448}
  m_Material: {fileID: 0}
  m_IsTrigger: 0
  m_Enabled: 1
  serializedVersion: 2
  m_Size: {x: 0.88, y: 14.742584, z: 0.97}
  m_Center: {x: -0.06, y: 7.371292, z: 0.05}
--- !u!65 &8904309586538451558
BoxCollider:
  m_ObjectHideFlags: 0
  m_CorrespondingSourceObject: {fileID: 0}
  m_PrefabInstance: {fileID: 0}
  m_PrefabAsset: {fileID: 0}
  m_GameObject: {fileID: 7777991055841126134}
  m_Material: {fileID: 0}
  m_IsTrigger: 0
  m_Enabled: 1
  serializedVersion: 2
  m_Size: {x: 0.88, y: 14.742584, z: 0.97}
  m_Center: {x: -0.06, y: 7.371292, z: 0.05}
--- !u!1 &8904309585181154805
GameObject:
  m_ObjectHideFlags: 0
  m_CorrespondingSourceObject: {fileID: 0}
  m_PrefabInstance: {fileID: 0}
  m_PrefabAsset: {fileID: 0}
  serializedVersion: 6
  m_Component:
  - component: {fileID: 8904309585181154801}
  - component: {fileID: 8904309585181154800}
  - component: {fileID: 8904309585181154803}
  - component: {fileID: 8904309585181154802}
  - component: {fileID: 6736584498592964326}
  m_Layer: 0
  m_Name: Terrain1CL
  m_TagString: Untagged
  m_Icon: {fileID: 0}
  m_NavMeshLayer: 0
  m_StaticEditorFlags: 0
  m_IsActive: 1
--- !u!4 &8904309585181154801
Transform:
  m_ObjectHideFlags: 0
  m_CorrespondingSourceObject: {fileID: 0}
  m_PrefabInstance: {fileID: 0}
  m_PrefabAsset: {fileID: 0}
  m_GameObject: {fileID: 8904309585181154805}
  m_LocalRotation: {x: 0, y: 0, z: 0, w: 1}
  m_LocalPosition: {x: 0, y: 0, z: 0}
  m_LocalScale: {x: 4, y: 4, z: 4}
  m_Children:
  - {fileID: 8904309585260702256}
  - {fileID: 8904309585695633392}
  - {fileID: 8904309585325225802}
  m_Father: {fileID: 0}
  m_RootOrder: 0
  m_LocalEulerAnglesHint: {x: 0, y: 0, z: 0}
--- !u!33 &8904309585181154800
MeshFilter:
  m_ObjectHideFlags: 0
  m_CorrespondingSourceObject: {fileID: 0}
  m_PrefabInstance: {fileID: 0}
  m_PrefabAsset: {fileID: 0}
  m_GameObject: {fileID: 8904309585181154805}
  m_Mesh: {fileID: 10209, guid: 0000000000000000e000000000000000, type: 0}
--- !u!23 &8904309585181154803
MeshRenderer:
  m_ObjectHideFlags: 0
  m_CorrespondingSourceObject: {fileID: 0}
  m_PrefabInstance: {fileID: 0}
  m_PrefabAsset: {fileID: 0}
  m_GameObject: {fileID: 8904309585181154805}
  m_Enabled: 1
  m_CastShadows: 1
  m_ReceiveShadows: 1
  m_DynamicOccludee: 1
  m_MotionVectors: 1
  m_LightProbeUsage: 1
  m_ReflectionProbeUsage: 1
  m_RenderingLayerMask: 1
  m_RendererPriority: 0
  m_Materials:
  - {fileID: 2100000, guid: 2d58bac544ccc33479cd3ee2ae326e44, type: 2}
  m_StaticBatchInfo:
    firstSubMesh: 0
    subMeshCount: 0
  m_StaticBatchRoot: {fileID: 0}
  m_ProbeAnchor: {fileID: 0}
  m_LightProbeVolumeOverride: {fileID: 0}
  m_ScaleInLightmap: 1
  m_PreserveUVs: 0
  m_IgnoreNormalsForChartDetection: 0
  m_ImportantGI: 0
  m_StitchLightmapSeams: 0
  m_SelectedEditorRenderState: 3
  m_MinimumChartSize: 4
  m_AutoUVMaxDistance: 0.5
  m_AutoUVMaxAngle: 89
  m_LightmapParameters: {fileID: 0}
  m_SortingLayerID: 0
  m_SortingLayer: 0
  m_SortingOrder: 0
--- !u!64 &8904309585181154802
MeshCollider:
  m_ObjectHideFlags: 0
  m_CorrespondingSourceObject: {fileID: 0}
  m_PrefabInstance: {fileID: 0}
  m_PrefabAsset: {fileID: 0}
  m_GameObject: {fileID: 8904309585181154805}
  m_Material: {fileID: 0}
  m_IsTrigger: 0
  m_Enabled: 1
  serializedVersion: 3
  m_Convex: 0
  m_CookingOptions: 14
  m_Mesh: {fileID: 10209, guid: 0000000000000000e000000000000000, type: 0}
--- !u!114 &6736584498592964326
MonoBehaviour:
  m_ObjectHideFlags: 0
  m_CorrespondingSourceObject: {fileID: 0}
  m_PrefabInstance: {fileID: 0}
  m_PrefabAsset: {fileID: 0}
  m_GameObject: {fileID: 8904309585181154805}
  m_Enabled: 1
  m_EditorHideFlags: 0
  m_Script: {fileID: 11500000, guid: 955ad56912976e047a1d70d5bea189c0, type: 3}
  m_Name: 
  m_EditorClassIdentifier: 
--- !u!1 &8904309585194106791
GameObject:
  m_ObjectHideFlags: 0
  m_CorrespondingSourceObject: {fileID: 0}
  m_PrefabInstance: {fileID: 0}
  m_PrefabAsset: {fileID: 0}
  serializedVersion: 6
  m_Component:
  - component: {fileID: 8904309585194106788}
  m_Layer: 0
  m_Name: InstantiatingUp
  m_TagString: Untagged
  m_Icon: {fileID: 0}
  m_NavMeshLayer: 0
  m_StaticEditorFlags: 0
  m_IsActive: 1
--- !u!4 &8904309585194106788
Transform:
  m_ObjectHideFlags: 0
  m_CorrespondingSourceObject: {fileID: 0}
  m_PrefabInstance: {fileID: 0}
  m_PrefabAsset: {fileID: 0}
  m_GameObject: {fileID: 8904309585194106791}
  m_LocalRotation: {x: -0, y: 0.70710576, z: -0, w: -0.70710784}
  m_LocalPosition: {x: 0, y: 0, z: 0}
  m_LocalScale: {x: 1, y: 1, z: 1}
  m_Children:
  - {fileID: 8904309586430887890}
  - {fileID: 8904309586425322771}
  - {fileID: 8904309587173031959}
  m_Father: {fileID: 8904309585325225802}
  m_RootOrder: 2
  m_LocalEulerAnglesHint: {x: 0, y: 270, z: 0}
--- !u!1 &8904309585260702259
GameObject:
  m_ObjectHideFlags: 0
  m_CorrespondingSourceObject: {fileID: 0}
  m_PrefabInstance: {fileID: 0}
  m_PrefabAsset: {fileID: 0}
  serializedVersion: 6
  m_Component:
  - component: {fileID: 8904309585260702256}
  m_Layer: 0
  m_Name: Objetos
  m_TagString: Untagged
  m_Icon: {fileID: 0}
  m_NavMeshLayer: 0
  m_StaticEditorFlags: 0
  m_IsActive: 1
--- !u!4 &8904309585260702256
Transform:
  m_ObjectHideFlags: 0
  m_CorrespondingSourceObject: {fileID: 0}
  m_PrefabInstance: {fileID: 0}
  m_PrefabAsset: {fileID: 0}
  m_GameObject: {fileID: 8904309585260702259}
  m_LocalRotation: {x: 0, y: 0, z: 0, w: 1}
  m_LocalPosition: {x: 0, y: 0, z: 0}
  m_LocalScale: {x: 1, y: 1, z: 1}
  m_Children:
  - {fileID: 8904309586673179193}
  - {fileID: 8904309585766451076}
  - {fileID: 8904309586597558553}
  - {fileID: 8904309586255425183}
  - {fileID: 6374586548594823933}
  - {fileID: 1509488143197541125}
  - {fileID: 1509488142008543724}
  - {fileID: 1509488143213731684}
  - {fileID: 1509488143324317642}
  m_Father: {fileID: 8904309585181154801}
  m_RootOrder: 0
  m_LocalEulerAnglesHint: {x: 0, y: 0, z: 0}
--- !u!1 &8904309585325225805
GameObject:
  m_ObjectHideFlags: 0
  m_CorrespondingSourceObject: {fileID: 0}
  m_PrefabInstance: {fileID: 0}
  m_PrefabAsset: {fileID: 0}
  serializedVersion: 6
  m_Component:
  - component: {fileID: 8904309585325225802}
  m_Layer: 0
  m_Name: Instantiating
  m_TagString: Untagged
  m_Icon: {fileID: 0}
  m_NavMeshLayer: 0
  m_StaticEditorFlags: 0
  m_IsActive: 1
--- !u!4 &8904309585325225802
Transform:
  m_ObjectHideFlags: 0
  m_CorrespondingSourceObject: {fileID: 0}
  m_PrefabInstance: {fileID: 0}
  m_PrefabAsset: {fileID: 0}
  m_GameObject: {fileID: 8904309585325225805}
  m_LocalRotation: {x: 0, y: 0, z: 0, w: 1}
  m_LocalPosition: {x: 0, y: 0, z: 0}
  m_LocalScale: {x: 1, y: 1, z: 1}
  m_Children:
  - {fileID: 8904309585919834154}
  - {fileID: 8904309586732032873}
  - {fileID: 8904309585194106788}
  m_Father: {fileID: 8904309585181154801}
  m_RootOrder: 2
  m_LocalEulerAnglesHint: {x: 0, y: 0, z: 0}
--- !u!1 &8904309585333289430
GameObject:
  m_ObjectHideFlags: 0
  m_CorrespondingSourceObject: {fileID: 0}
  m_PrefabInstance: {fileID: 0}
  m_PrefabAsset: {fileID: 0}
  serializedVersion: 6
  m_Component:
  - component: {fileID: 8904309585333289431}
  - component: {fileID: 8904309585333289428}
  m_Layer: 0
  m_Name: DownCenter
  m_TagString: DownCenter
  m_Icon: {fileID: 0}
  m_NavMeshLayer: 0
  m_StaticEditorFlags: 0
  m_IsActive: 1
--- !u!4 &8904309585333289431
Transform:
  m_ObjectHideFlags: 0
  m_CorrespondingSourceObject: {fileID: 0}
  m_PrefabInstance: {fileID: 0}
  m_PrefabAsset: {fileID: 0}
  m_GameObject: {fileID: 8904309585333289430}
  m_LocalRotation: {x: 0, y: 0, z: 0, w: 1}
  m_LocalPosition: {x: 5, y: 0, z: 0}
  m_LocalScale: {x: 1, y: 1, z: 1}
  m_Children: []
  m_Father: {fileID: 8904309586732032873}
  m_RootOrder: 0
  m_LocalEulerAnglesHint: {x: 0, y: 0, z: 0}
--- !u!65 &8904309585333289428
BoxCollider:
  m_ObjectHideFlags: 0
  m_CorrespondingSourceObject: {fileID: 0}
  m_PrefabInstance: {fileID: 0}
  m_PrefabAsset: {fileID: 0}
  m_GameObject: {fileID: 8904309585333289430}
  m_Material: {fileID: 0}
  m_IsTrigger: 1
  m_Enabled: 1
  serializedVersion: 2
  m_Size: {x: 3, y: 14.51, z: 12}
  m_Center: {x: 0, y: 2, z: 0}
--- !u!54 &2528486848736657619
Rigidbody:
  m_ObjectHideFlags: 0
  m_CorrespondingSourceObject: {fileID: 0}
  m_PrefabInstance: {fileID: 0}
  m_PrefabAsset: {fileID: 0}
  m_GameObject: {fileID: 8904309585695051114}
  serializedVersion: 2
  m_Mass: 1
  m_Drag: 0
  m_AngularDrag: 0.05
  m_UseGravity: 0
  m_IsKinematic: 1
  m_Interpolate: 0
  m_Constraints: 126
  m_CollisionDetection: 0
--- !u!114 &7548239678258655440
MonoBehaviour:
  m_ObjectHideFlags: 0
  m_CorrespondingSourceObject: {fileID: 0}
  m_PrefabInstance: {fileID: 0}
  m_PrefabAsset: {fileID: 0}
  m_GameObject: {fileID: 8904309585695051114}
  m_Enabled: 1
  m_EditorHideFlags: 0
  m_Script: {fileID: 11500000, guid: ba9409d7363b66d4e8ad765f59f9d077, type: 3}
  m_Name: 
  m_EditorClassIdentifier: 
  TerrainsToSPawn:
  - {fileID: 8904309585181154805}
--- !u!1 &8904309585695633395
GameObject:
  m_ObjectHideFlags: 0
  m_CorrespondingSourceObject: {fileID: 0}
  m_PrefabInstance: {fileID: 0}
  m_PrefabAsset: {fileID: 0}
  serializedVersion: 6
  m_Component:
  - component: {fileID: 8904309585695633392}
  - component: {fileID: 8904309585695633393}
  m_Layer: 0
  m_Name: DestroyWhenGoOutTheTerrain
  m_TagString: DestroyWhenGoOutTheTerrain
  m_Icon: {fileID: 0}
  m_NavMeshLayer: 0
  m_StaticEditorFlags: 0
  m_IsActive: 1
--- !u!4 &8904309585695633392
Transform:
  m_ObjectHideFlags: 0
  m_CorrespondingSourceObject: {fileID: 0}
  m_PrefabInstance: {fileID: 0}
  m_PrefabAsset: {fileID: 0}
  m_GameObject: {fileID: 8904309585695633395}
  m_LocalRotation: {x: 0, y: 0, z: 0, w: 1}
  m_LocalPosition: {x: 0, y: 0, z: 0}
  m_LocalScale: {x: 1, y: 1, z: 1}
  m_Children: []
  m_Father: {fileID: 8904309585181154801}
  m_RootOrder: 1
  m_LocalEulerAnglesHint: {x: 0, y: 0, z: 0}
--- !u!65 &8904309585695633393
BoxCollider:
  m_ObjectHideFlags: 0
  m_CorrespondingSourceObject: {fileID: 0}
  m_PrefabInstance: {fileID: 0}
  m_PrefabAsset: {fileID: 0}
  m_GameObject: {fileID: 8904309585695633395}
  m_Material: {fileID: 0}
  m_IsTrigger: 1
  m_Enabled: 1
  serializedVersion: 2
  m_Size: {x: 10, y: 14.51, z: 10}
  m_Center: {x: 0, y: 2.2, z: 0}
--- !u!1 &8904309585740621394
GameObject:
  m_ObjectHideFlags: 0
  m_CorrespondingSourceObject: {fileID: 0}
  m_PrefabInstance: {fileID: 0}
  m_PrefabAsset: {fileID: 0}
  serializedVersion: 6
  m_Component:
  - component: {fileID: 8904309585740621395}
  - component: {fileID: 8904309585740621392}
  m_Layer: 0
  m_Name: DownLeft
  m_TagString: DownLeft
  m_Icon: {fileID: 0}
  m_NavMeshLayer: 0
  m_StaticEditorFlags: 0
  m_IsActive: 1
--- !u!4 &8904309585740621395
Transform:
  m_ObjectHideFlags: 0
  m_CorrespondingSourceObject: {fileID: 0}
  m_PrefabInstance: {fileID: 0}
  m_PrefabAsset: {fileID: 0}
  m_GameObject: {fileID: 8904309585740621394}
  m_LocalRotation: {x: 0, y: 0, z: 0, w: 1}
  m_LocalPosition: {x: 5, y: 0, z: -5}
  m_LocalScale: {x: 1, y: 1, z: 1}
  m_Children: []
  m_Father: {fileID: 8904309586732032873}
  m_RootOrder: 1
  m_LocalEulerAnglesHint: {x: 0, y: 0, z: 0}
--- !u!65 &8904309585740621392
BoxCollider:
  m_ObjectHideFlags: 0
  m_CorrespondingSourceObject: {fileID: 0}
  m_PrefabInstance: {fileID: 0}
  m_PrefabAsset: {fileID: 0}
  m_GameObject: {fileID: 8904309585740621394}
  m_Material: {fileID: 0}
  m_IsTrigger: 1
  m_Enabled: 1
  serializedVersion: 2
  m_Size: {x: 4.6239142, y: 14.51, z: 5.7955956}
  m_Center: {x: -1.22, y: 2, z: 0.21}
--- !u!1 &8904309585766451079
GameObject:
  m_ObjectHideFlags: 0
  m_CorrespondingSourceObject: {fileID: 0}
  m_PrefabInstance: {fileID: 0}
  m_PrefabAsset: {fileID: 0}
  serializedVersion: 6
  m_Component:
  - component: {fileID: 8904309585766451076}
  - component: {fileID: 8904309585766451075}
  - component: {fileID: 8904309585766451074}
  - component: {fileID: 8904309585766451077}
  m_Layer: 0
  m_Name: RamaBuena (1)
  m_TagString: Untagged
  m_Icon: {fileID: 0}
  m_NavMeshLayer: 0
  m_StaticEditorFlags: 0
  m_IsActive: 1
--- !u!4 &8904309585766451076
Transform:
  m_ObjectHideFlags: 0
  m_CorrespondingSourceObject: {fileID: 0}
  m_PrefabInstance: {fileID: 0}
  m_PrefabAsset: {fileID: 0}
  m_GameObject: {fileID: 8904309585766451079}
  m_LocalRotation: {x: -0, y: 0.21199389, z: -0, w: 0.9772711}
  m_LocalPosition: {x: 1.8, y: 1.25, z: -1.59}
  m_LocalScale: {x: 1, y: 2.1645, z: 1}
  m_Children:
  - {fileID: 8904309586121229276}
  m_Father: {fileID: 8904309585260702256}
  m_RootOrder: 1
  m_LocalEulerAnglesHint: {x: 0, y: 24.478, z: 0}
--- !u!33 &8904309585766451075
MeshFilter:
  m_ObjectHideFlags: 0
  m_CorrespondingSourceObject: {fileID: 0}
  m_PrefabInstance: {fileID: 0}
  m_PrefabAsset: {fileID: 0}
  m_GameObject: {fileID: 8904309585766451079}
  m_Mesh: {fileID: 10202, guid: 0000000000000000e000000000000000, type: 0}
--- !u!23 &8904309585766451074
MeshRenderer:
  m_ObjectHideFlags: 0
  m_CorrespondingSourceObject: {fileID: 0}
  m_PrefabInstance: {fileID: 0}
  m_PrefabAsset: {fileID: 0}
  m_GameObject: {fileID: 8904309585766451079}
  m_Enabled: 1
  m_CastShadows: 1
  m_ReceiveShadows: 1
  m_DynamicOccludee: 1
  m_MotionVectors: 1
  m_LightProbeUsage: 1
  m_ReflectionProbeUsage: 1
  m_RenderingLayerMask: 1
  m_RendererPriority: 0
  m_Materials:
  - {fileID: 10303, guid: 0000000000000000f000000000000000, type: 0}
  m_StaticBatchInfo:
    firstSubMesh: 0
    subMeshCount: 0
  m_StaticBatchRoot: {fileID: 0}
  m_ProbeAnchor: {fileID: 0}
  m_LightProbeVolumeOverride: {fileID: 0}
  m_ScaleInLightmap: 1
  m_PreserveUVs: 0
  m_IgnoreNormalsForChartDetection: 0
  m_ImportantGI: 0
  m_StitchLightmapSeams: 0
  m_SelectedEditorRenderState: 3
  m_MinimumChartSize: 4
  m_AutoUVMaxDistance: 0.5
  m_AutoUVMaxAngle: 89
  m_LightmapParameters: {fileID: 0}
  m_SortingLayerID: 0
  m_SortingLayer: 0
  m_SortingOrder: 0
--- !u!65 &8904309585766451077
BoxCollider:
  m_ObjectHideFlags: 0
  m_CorrespondingSourceObject: {fileID: 0}
  m_PrefabInstance: {fileID: 0}
  m_PrefabAsset: {fileID: 0}
  m_GameObject: {fileID: 8904309585766451079}
  m_Material: {fileID: 0}
  m_IsTrigger: 0
  m_Enabled: 1
  serializedVersion: 2
  m_Size: {x: 1, y: 1, z: 1}
  m_Center: {x: 0, y: 0, z: 0}
--- !u!1 &8904309585919834157
GameObject:
  m_ObjectHideFlags: 0
  m_CorrespondingSourceObject: {fileID: 0}
  m_PrefabInstance: {fileID: 0}
  m_PrefabAsset: {fileID: 0}
  serializedVersion: 6
  m_Component:
  - component: {fileID: 8904309585919834154}
  m_Layer: 0
  m_Name: InstantiatingCenter
  m_TagString: Untagged
  m_Icon: {fileID: 0}
  m_NavMeshLayer: 0
  m_StaticEditorFlags: 0
  m_IsActive: 1
--- !u!4 &8904309585919834154
Transform:
  m_ObjectHideFlags: 0
  m_CorrespondingSourceObject: {fileID: 0}
  m_PrefabInstance: {fileID: 0}
  m_PrefabAsset: {fileID: 0}
  m_GameObject: {fileID: 8904309585919834157}
  m_LocalRotation: {x: -0, y: -0, z: -0, w: 1}
  m_LocalPosition: {x: 0, y: 0, z: 0}
  m_LocalScale: {x: 1, y: 1, z: 1}
  m_Children:
  - {fileID: 8904309586780930071}
  - {fileID: 8904309585695051115}
  m_Father: {fileID: 8904309585325225802}
  m_RootOrder: 0
  m_LocalEulerAnglesHint: {x: 0, y: 0, z: 0}
--- !u!1 &8904309585970002200
GameObject:
  m_ObjectHideFlags: 0
  m_CorrespondingSourceObject: {fileID: 0}
  m_PrefabInstance: {fileID: 0}
  m_PrefabAsset: {fileID: 0}
  serializedVersion: 6
  m_Component:
  - component: {fileID: 8904309585970002201}
  - component: {fileID: 8904309585970002198}
  m_Layer: 0
  m_Name: DownRight
  m_TagString: DownRight
  m_Icon: {fileID: 0}
  m_NavMeshLayer: 0
  m_StaticEditorFlags: 0
  m_IsActive: 0
--- !u!4 &8904309585970002201
Transform:
  m_ObjectHideFlags: 0
  m_CorrespondingSourceObject: {fileID: 0}
  m_PrefabInstance: {fileID: 0}
  m_PrefabAsset: {fileID: 0}
  m_GameObject: {fileID: 8904309585970002200}
  m_LocalRotation: {x: -0, y: -0.7071068, z: -0, w: 0.7071068}
  m_LocalPosition: {x: 5, y: 0, z: 5}
  m_LocalScale: {x: 1, y: 1, z: 1}
  m_Children: []
  m_Father: {fileID: 8904309586732032873}
  m_RootOrder: 2
  m_LocalEulerAnglesHint: {x: 0, y: 0, z: 0}
--- !u!65 &8904309585970002198
BoxCollider:
  m_ObjectHideFlags: 0
  m_CorrespondingSourceObject: {fileID: 0}
  m_PrefabInstance: {fileID: 0}
  m_PrefabAsset: {fileID: 0}
  m_GameObject: {fileID: 8904309585970002200}
  m_Material: {fileID: 0}
  m_IsTrigger: 1
  m_Enabled: 1
  serializedVersion: 2
  m_Size: {x: 4.6239142, y: 14.51, z: 5.7955956}
  m_Center: {x: -1.22, y: 2, z: 0.21}
--- !u!1 &8904309586102574145
GameObject:
  m_ObjectHideFlags: 0
  m_CorrespondingSourceObject: {fileID: 0}
  m_PrefabInstance: {fileID: 0}
  m_PrefabAsset: {fileID: 0}
  serializedVersion: 6
  m_Component:
  - component: {fileID: 8904309586102574206}
  - component: {fileID: 8904309586102574205}
  - component: {fileID: 8904309586102574204}
  - component: {fileID: 8904309586102574207}
  m_Layer: 0
  m_Name: Sphere
  m_TagString: Untagged
  m_Icon: {fileID: 0}
  m_NavMeshLayer: 0
  m_StaticEditorFlags: 0
  m_IsActive: 1
--- !u!4 &8904309586102574206
Transform:
  m_ObjectHideFlags: 0
  m_CorrespondingSourceObject: {fileID: 0}
  m_PrefabInstance: {fileID: 0}
  m_PrefabAsset: {fileID: 0}
  m_GameObject: {fileID: 8904309586102574145}
  m_LocalRotation: {x: 0, y: 0, z: 0, w: 1}
  m_LocalPosition: {x: 0, y: 0.82, z: 0}
  m_LocalScale: {x: 2.7420611, y: 0.93106294, z: 2.362745}
  m_Children: []
  m_Father: {fileID: 8904309586673179193}
  m_RootOrder: 0
  m_LocalEulerAnglesHint: {x: 0, y: 0, z: 0}
--- !u!33 &8904309586102574205
MeshFilter:
  m_ObjectHideFlags: 0
  m_CorrespondingSourceObject: {fileID: 0}
  m_PrefabInstance: {fileID: 0}
  m_PrefabAsset: {fileID: 0}
  m_GameObject: {fileID: 8904309586102574145}
  m_Mesh: {fileID: 10207, guid: 0000000000000000e000000000000000, type: 0}
--- !u!23 &8904309586102574204
MeshRenderer:
  m_ObjectHideFlags: 0
  m_CorrespondingSourceObject: {fileID: 0}
  m_PrefabInstance: {fileID: 0}
  m_PrefabAsset: {fileID: 0}
  m_GameObject: {fileID: 8904309586102574145}
  m_Enabled: 1
  m_CastShadows: 1
  m_ReceiveShadows: 1
  m_DynamicOccludee: 1
  m_MotionVectors: 1
  m_LightProbeUsage: 1
  m_ReflectionProbeUsage: 1
  m_RenderingLayerMask: 1
  m_RendererPriority: 0
  m_Materials:
  - {fileID: 10303, guid: 0000000000000000f000000000000000, type: 0}
  m_StaticBatchInfo:
    firstSubMesh: 0
    subMeshCount: 0
  m_StaticBatchRoot: {fileID: 0}
  m_ProbeAnchor: {fileID: 0}
  m_LightProbeVolumeOverride: {fileID: 0}
  m_ScaleInLightmap: 1
  m_PreserveUVs: 0
  m_IgnoreNormalsForChartDetection: 0
  m_ImportantGI: 0
  m_StitchLightmapSeams: 0
  m_SelectedEditorRenderState: 3
  m_MinimumChartSize: 4
  m_AutoUVMaxDistance: 0.5
  m_AutoUVMaxAngle: 89
  m_LightmapParameters: {fileID: 0}
  m_SortingLayerID: 0
  m_SortingLayer: 0
  m_SortingOrder: 0
--- !u!135 &8904309586102574207
SphereCollider:
  m_ObjectHideFlags: 0
  m_CorrespondingSourceObject: {fileID: 0}
  m_PrefabInstance: {fileID: 0}
  m_PrefabAsset: {fileID: 0}
  m_GameObject: {fileID: 8904309586102574145}
  m_Material: {fileID: 0}
  m_IsTrigger: 0
  m_Enabled: 1
  serializedVersion: 2
  m_Radius: 0.5
  m_Center: {x: 0, y: 0, z: 0}
--- !u!1 &8904309586121229279
GameObject:
  m_ObjectHideFlags: 0
  m_CorrespondingSourceObject: {fileID: 0}
  m_PrefabInstance: {fileID: 0}
  m_PrefabAsset: {fileID: 0}
  serializedVersion: 6
  m_Component:
  - component: {fileID: 8904309586121229276}
  - component: {fileID: 8904309586121229275}
  - component: {fileID: 8904309586121229274}
  - component: {fileID: 8904309586121229277}
  m_Layer: 0
  m_Name: Sphere
  m_TagString: Untagged
  m_Icon: {fileID: 0}
  m_NavMeshLayer: 0
  m_StaticEditorFlags: 0
  m_IsActive: 1
--- !u!4 &8904309586121229276
Transform:
  m_ObjectHideFlags: 0
  m_CorrespondingSourceObject: {fileID: 0}
  m_PrefabInstance: {fileID: 0}
  m_PrefabAsset: {fileID: 0}
  m_GameObject: {fileID: 8904309586121229279}
  m_LocalRotation: {x: 0, y: 0, z: 0, w: 1}
  m_LocalPosition: {x: 0, y: 0.82, z: 0}
  m_LocalScale: {x: 2.7420611, y: 0.93106294, z: 2.362745}
  m_Children: []
  m_Father: {fileID: 8904309585766451076}
  m_RootOrder: 0
  m_LocalEulerAnglesHint: {x: 0, y: 0, z: 0}
--- !u!33 &8904309586121229275
MeshFilter:
  m_ObjectHideFlags: 0
  m_CorrespondingSourceObject: {fileID: 0}
  m_PrefabInstance: {fileID: 0}
  m_PrefabAsset: {fileID: 0}
  m_GameObject: {fileID: 8904309586121229279}
  m_Mesh: {fileID: 10207, guid: 0000000000000000e000000000000000, type: 0}
--- !u!23 &8904309586121229274
MeshRenderer:
  m_ObjectHideFlags: 0
  m_CorrespondingSourceObject: {fileID: 0}
  m_PrefabInstance: {fileID: 0}
  m_PrefabAsset: {fileID: 0}
  m_GameObject: {fileID: 8904309586121229279}
  m_Enabled: 1
  m_CastShadows: 1
  m_ReceiveShadows: 1
  m_DynamicOccludee: 1
  m_MotionVectors: 1
  m_LightProbeUsage: 1
  m_ReflectionProbeUsage: 1
  m_RenderingLayerMask: 1
  m_RendererPriority: 0
  m_Materials:
  - {fileID: 10303, guid: 0000000000000000f000000000000000, type: 0}
  m_StaticBatchInfo:
    firstSubMesh: 0
    subMeshCount: 0
  m_StaticBatchRoot: {fileID: 0}
  m_ProbeAnchor: {fileID: 0}
  m_LightProbeVolumeOverride: {fileID: 0}
  m_ScaleInLightmap: 1
  m_PreserveUVs: 0
  m_IgnoreNormalsForChartDetection: 0
  m_ImportantGI: 0
  m_StitchLightmapSeams: 0
  m_SelectedEditorRenderState: 3
  m_MinimumChartSize: 4
  m_AutoUVMaxDistance: 0.5
  m_AutoUVMaxAngle: 89
  m_LightmapParameters: {fileID: 0}
  m_SortingLayerID: 0
  m_SortingLayer: 0
  m_SortingOrder: 0
--- !u!135 &8904309586121229277
SphereCollider:
  m_ObjectHideFlags: 0
  m_CorrespondingSourceObject: {fileID: 0}
  m_PrefabInstance: {fileID: 0}
  m_PrefabAsset: {fileID: 0}
  m_GameObject: {fileID: 8904309586121229279}
  m_Material: {fileID: 0}
  m_IsTrigger: 0
  m_Enabled: 1
  serializedVersion: 2
  m_Radius: 0.5
  m_Center: {x: 0, y: 0, z: 0}
--- !u!1 &8904309586255425182
GameObject:
  m_ObjectHideFlags: 0
  m_CorrespondingSourceObject: {fileID: 0}
  m_PrefabInstance: {fileID: 0}
  m_PrefabAsset: {fileID: 0}
  serializedVersion: 6
  m_Component:
  - component: {fileID: 8904309586255425183}
  - component: {fileID: 8904309586255425178}
  - component: {fileID: 8904309586255425181}
  - component: {fileID: 8904309586255425180}
  m_Layer: 0
  m_Name: RamaBuena (3)
  m_TagString: Untagged
  m_Icon: {fileID: 0}
  m_NavMeshLayer: 0
  m_StaticEditorFlags: 0
  m_IsActive: 1
--- !u!4 &8904309586255425183
Transform:
  m_ObjectHideFlags: 0
  m_CorrespondingSourceObject: {fileID: 0}
  m_PrefabInstance: {fileID: 0}
  m_PrefabAsset: {fileID: 0}
  m_GameObject: {fileID: 8904309586255425182}
  m_LocalRotation: {x: -0, y: 0.21199389, z: -0, w: 0.9772711}
  m_LocalPosition: {x: -0.46, y: 1.25, z: -3.59}
  m_LocalScale: {x: 1, y: 2.1645, z: 1}
  m_Children:
  - {fileID: 8904309586676016086}
  m_Father: {fileID: 8904309585260702256}
  m_RootOrder: 3
  m_LocalEulerAnglesHint: {x: 0, y: 24.478, z: 0}
--- !u!33 &8904309586255425178
MeshFilter:
  m_ObjectHideFlags: 0
  m_CorrespondingSourceObject: {fileID: 0}
  m_PrefabInstance: {fileID: 0}
  m_PrefabAsset: {fileID: 0}
  m_GameObject: {fileID: 8904309586255425182}
  m_Mesh: {fileID: 10202, guid: 0000000000000000e000000000000000, type: 0}
--- !u!23 &8904309586255425181
MeshRenderer:
  m_ObjectHideFlags: 0
  m_CorrespondingSourceObject: {fileID: 0}
  m_PrefabInstance: {fileID: 0}
  m_PrefabAsset: {fileID: 0}
  m_GameObject: {fileID: 8904309586255425182}
  m_Enabled: 1
  m_CastShadows: 1
  m_ReceiveShadows: 1
  m_DynamicOccludee: 1
  m_MotionVectors: 1
  m_LightProbeUsage: 1
  m_ReflectionProbeUsage: 1
  m_RenderingLayerMask: 1
  m_RendererPriority: 0
  m_Materials:
  - {fileID: 10303, guid: 0000000000000000f000000000000000, type: 0}
  m_StaticBatchInfo:
    firstSubMesh: 0
    subMeshCount: 0
  m_StaticBatchRoot: {fileID: 0}
  m_ProbeAnchor: {fileID: 0}
  m_LightProbeVolumeOverride: {fileID: 0}
  m_ScaleInLightmap: 1
  m_PreserveUVs: 0
  m_IgnoreNormalsForChartDetection: 0
  m_ImportantGI: 0
  m_StitchLightmapSeams: 0
  m_SelectedEditorRenderState: 3
  m_MinimumChartSize: 4
  m_AutoUVMaxDistance: 0.5
  m_AutoUVMaxAngle: 89
  m_LightmapParameters: {fileID: 0}
  m_SortingLayerID: 0
  m_SortingLayer: 0
  m_SortingOrder: 0
--- !u!65 &8904309586255425180
BoxCollider:
  m_ObjectHideFlags: 0
  m_CorrespondingSourceObject: {fileID: 0}
  m_PrefabInstance: {fileID: 0}
  m_PrefabAsset: {fileID: 0}
  m_GameObject: {fileID: 8904309586255425182}
  m_Material: {fileID: 0}
  m_IsTrigger: 0
  m_Enabled: 1
  serializedVersion: 2
  m_Size: {x: 1, y: 1, z: 1}
  m_Center: {x: 0, y: 0, z: 0}
--- !u!1 &8904309586425322770
GameObject:
  m_ObjectHideFlags: 0
  m_CorrespondingSourceObject: {fileID: 0}
  m_PrefabInstance: {fileID: 0}
  m_PrefabAsset: {fileID: 0}
  serializedVersion: 6
  m_Component:
  - component: {fileID: 8904309586425322771}
  - component: {fileID: 8904309586425322768}
  m_Layer: 0
  m_Name: UpRight
  m_TagString: UpRight
  m_Icon: {fileID: 0}
  m_NavMeshLayer: 0
  m_StaticEditorFlags: 0
  m_IsActive: 0
--- !u!4 &8904309586425322771
Transform:
  m_ObjectHideFlags: 0
  m_CorrespondingSourceObject: {fileID: 0}
  m_PrefabInstance: {fileID: 0}
  m_PrefabAsset: {fileID: 0}
  m_GameObject: {fileID: 8904309586425322770}
  m_LocalRotation: {x: 0, y: 0, z: 0, w: 1}
  m_LocalPosition: {x: 5, y: 0, z: -5}
  m_LocalScale: {x: 1, y: 1, z: 1}
  m_Children: []
  m_Father: {fileID: 8904309585194106788}
  m_RootOrder: 1
  m_LocalEulerAnglesHint: {x: 0, y: 0, z: 0}
--- !u!65 &8904309586425322768
BoxCollider:
  m_ObjectHideFlags: 0
  m_CorrespondingSourceObject: {fileID: 0}
  m_PrefabInstance: {fileID: 0}
  m_PrefabAsset: {fileID: 0}
  m_GameObject: {fileID: 8904309586425322770}
  m_Material: {fileID: 0}
  m_IsTrigger: 1
  m_Enabled: 1
  serializedVersion: 2
  m_Size: {x: 4.6239142, y: 14.51, z: 5.7955956}
  m_Center: {x: -1.22, y: 2, z: 0.21}
--- !u!1 &8904309586430887893
GameObject:
  m_ObjectHideFlags: 0
  m_CorrespondingSourceObject: {fileID: 0}
  m_PrefabInstance: {fileID: 0}
  m_PrefabAsset: {fileID: 0}
  serializedVersion: 6
  m_Component:
  - component: {fileID: 8904309586430887890}
  - component: {fileID: 8904309586430887891}
  m_Layer: 0
  m_Name: UpCenter
  m_TagString: UpCenter
  m_Icon: {fileID: 0}
  m_NavMeshLayer: 0
  m_StaticEditorFlags: 0
  m_IsActive: 1
--- !u!4 &8904309586430887890
Transform:
  m_ObjectHideFlags: 0
  m_CorrespondingSourceObject: {fileID: 0}
  m_PrefabInstance: {fileID: 0}
  m_PrefabAsset: {fileID: 0}
  m_GameObject: {fileID: 8904309586430887893}
  m_LocalRotation: {x: 0, y: 0, z: 0, w: 1}
  m_LocalPosition: {x: 5, y: 0, z: 0}
  m_LocalScale: {x: 1, y: 1, z: 1}
  m_Children: []
  m_Father: {fileID: 8904309585194106788}
  m_RootOrder: 0
  m_LocalEulerAnglesHint: {x: 0, y: 0, z: 0}
--- !u!65 &8904309586430887891
BoxCollider:
  m_ObjectHideFlags: 0
  m_CorrespondingSourceObject: {fileID: 0}
  m_PrefabInstance: {fileID: 0}
  m_PrefabAsset: {fileID: 0}
  m_GameObject: {fileID: 8904309586430887893}
  m_Material: {fileID: 0}
  m_IsTrigger: 1
  m_Enabled: 1
  serializedVersion: 2
  m_Size: {x: 3, y: 14.51, z: 12}
  m_Center: {x: 0, y: 2, z: 0}
--- !u!1 &8904309586597558552
GameObject:
  m_ObjectHideFlags: 0
  m_CorrespondingSourceObject: {fileID: 0}
  m_PrefabInstance: {fileID: 0}
  m_PrefabAsset: {fileID: 0}
  serializedVersion: 6
  m_Component:
  - component: {fileID: 8904309586597558553}
  - component: {fileID: 8904309586597558548}
  - component: {fileID: 8904309586597558551}
  - component: {fileID: 8904309586597558550}
  m_Layer: 0
  m_Name: RamaBuena (2)
  m_TagString: Untagged
  m_Icon: {fileID: 0}
  m_NavMeshLayer: 0
  m_StaticEditorFlags: 0
  m_IsActive: 1
--- !u!4 &8904309586597558553
Transform:
  m_ObjectHideFlags: 0
  m_CorrespondingSourceObject: {fileID: 0}
  m_PrefabInstance: {fileID: 0}
  m_PrefabAsset: {fileID: 0}
  m_GameObject: {fileID: 8904309586597558552}
  m_LocalRotation: {x: -0, y: 0.21199389, z: -0, w: 0.9772711}
  m_LocalPosition: {x: -3.17, y: 1.25, z: -1.59}
  m_LocalScale: {x: 1, y: 2.1645, z: 1}
  m_Children:
  - {fileID: 8904309587215750664}
  m_Father: {fileID: 8904309585260702256}
  m_RootOrder: 2
  m_LocalEulerAnglesHint: {x: 0, y: 24.478, z: 0}
--- !u!33 &8904309586597558548
MeshFilter:
  m_ObjectHideFlags: 0
  m_CorrespondingSourceObject: {fileID: 0}
  m_PrefabInstance: {fileID: 0}
  m_PrefabAsset: {fileID: 0}
  m_GameObject: {fileID: 8904309586597558552}
  m_Mesh: {fileID: 10202, guid: 0000000000000000e000000000000000, type: 0}
--- !u!23 &8904309586597558551
MeshRenderer:
  m_ObjectHideFlags: 0
  m_CorrespondingSourceObject: {fileID: 0}
  m_PrefabInstance: {fileID: 0}
  m_PrefabAsset: {fileID: 0}
  m_GameObject: {fileID: 8904309586597558552}
  m_Enabled: 1
  m_CastShadows: 1
  m_ReceiveShadows: 1
  m_DynamicOccludee: 1
  m_MotionVectors: 1
  m_LightProbeUsage: 1
  m_ReflectionProbeUsage: 1
  m_RenderingLayerMask: 1
  m_RendererPriority: 0
  m_Materials:
  - {fileID: 10303, guid: 0000000000000000f000000000000000, type: 0}
  m_StaticBatchInfo:
    firstSubMesh: 0
    subMeshCount: 0
  m_StaticBatchRoot: {fileID: 0}
  m_ProbeAnchor: {fileID: 0}
  m_LightProbeVolumeOverride: {fileID: 0}
  m_ScaleInLightmap: 1
  m_PreserveUVs: 0
  m_IgnoreNormalsForChartDetection: 0
  m_ImportantGI: 0
  m_StitchLightmapSeams: 0
  m_SelectedEditorRenderState: 3
  m_MinimumChartSize: 4
  m_AutoUVMaxDistance: 0.5
  m_AutoUVMaxAngle: 89
  m_LightmapParameters: {fileID: 0}
  m_SortingLayerID: 0
  m_SortingLayer: 0
  m_SortingOrder: 0
--- !u!65 &8904309586597558550
BoxCollider:
  m_ObjectHideFlags: 0
  m_CorrespondingSourceObject: {fileID: 0}
  m_PrefabInstance: {fileID: 0}
  m_PrefabAsset: {fileID: 0}
  m_GameObject: {fileID: 8904309586597558552}
  m_Material: {fileID: 0}
  m_IsTrigger: 0
  m_Enabled: 1
  serializedVersion: 2
  m_Size: {x: 1, y: 1, z: 1}
  m_Center: {x: 0, y: 0, z: 0}
--- !u!1 &8904309586673179192
GameObject:
  m_ObjectHideFlags: 0
  m_CorrespondingSourceObject: {fileID: 0}
  m_PrefabInstance: {fileID: 0}
  m_PrefabAsset: {fileID: 0}
  serializedVersion: 6
  m_Component:
  - component: {fileID: 8904309586673179193}
  - component: {fileID: 8904309586673179188}
  - component: {fileID: 8904309586673179191}
  - component: {fileID: 8904309586673179190}
  m_Layer: 0
  m_Name: RamaBuena
  m_TagString: Untagged
  m_Icon: {fileID: 0}
  m_NavMeshLayer: 0
  m_StaticEditorFlags: 0
  m_IsActive: 1
--- !u!4 &8904309586673179193
Transform:
  m_ObjectHideFlags: 0
  m_CorrespondingSourceObject: {fileID: 0}
  m_PrefabInstance: {fileID: 0}
  m_PrefabAsset: {fileID: 0}
  m_GameObject: {fileID: 8904309586673179192}
  m_LocalRotation: {x: 0, y: 0, z: 0, w: 1}
  m_LocalPosition: {x: 3.35, y: 1.25, z: 2.4}
  m_LocalScale: {x: 1, y: 2.1645, z: 1}
  m_Children:
  - {fileID: 8904309586102574206}
  m_Father: {fileID: 8904309585260702256}
  m_RootOrder: 0
  m_LocalEulerAnglesHint: {x: 0, y: 0, z: 0}
--- !u!33 &8904309586673179188
MeshFilter:
  m_ObjectHideFlags: 0
  m_CorrespondingSourceObject: {fileID: 0}
  m_PrefabInstance: {fileID: 0}
  m_PrefabAsset: {fileID: 0}
  m_GameObject: {fileID: 8904309586673179192}
  m_Mesh: {fileID: 10202, guid: 0000000000000000e000000000000000, type: 0}
--- !u!23 &8904309586673179191
MeshRenderer:
  m_ObjectHideFlags: 0
  m_CorrespondingSourceObject: {fileID: 0}
  m_PrefabInstance: {fileID: 0}
  m_PrefabAsset: {fileID: 0}
  m_GameObject: {fileID: 8904309586673179192}
  m_Enabled: 1
  m_CastShadows: 1
  m_ReceiveShadows: 1
  m_DynamicOccludee: 1
  m_MotionVectors: 1
  m_LightProbeUsage: 1
  m_ReflectionProbeUsage: 1
  m_RenderingLayerMask: 1
  m_RendererPriority: 0
  m_Materials:
  - {fileID: 10303, guid: 0000000000000000f000000000000000, type: 0}
  m_StaticBatchInfo:
    firstSubMesh: 0
    subMeshCount: 0
  m_StaticBatchRoot: {fileID: 0}
  m_ProbeAnchor: {fileID: 0}
  m_LightProbeVolumeOverride: {fileID: 0}
  m_ScaleInLightmap: 1
  m_PreserveUVs: 0
  m_IgnoreNormalsForChartDetection: 0
  m_ImportantGI: 0
  m_StitchLightmapSeams: 0
  m_SelectedEditorRenderState: 3
  m_MinimumChartSize: 4
  m_AutoUVMaxDistance: 0.5
  m_AutoUVMaxAngle: 89
  m_LightmapParameters: {fileID: 0}
  m_SortingLayerID: 0
  m_SortingLayer: 0
  m_SortingOrder: 0
--- !u!65 &8904309586673179190
BoxCollider:
  m_ObjectHideFlags: 0
  m_CorrespondingSourceObject: {fileID: 0}
  m_PrefabInstance: {fileID: 0}
  m_PrefabAsset: {fileID: 0}
  m_GameObject: {fileID: 8904309586673179192}
  m_Material: {fileID: 0}
  m_IsTrigger: 0
  m_Enabled: 1
  serializedVersion: 2
  m_Size: {x: 1, y: 1, z: 1}
  m_Center: {x: 0, y: 0, z: 0}
--- !u!1 &8904309586676016089
GameObject:
  m_ObjectHideFlags: 0
  m_CorrespondingSourceObject: {fileID: 0}
  m_PrefabInstance: {fileID: 0}
  m_PrefabAsset: {fileID: 0}
  serializedVersion: 6
  m_Component:
  - component: {fileID: 8904309586676016086}
  - component: {fileID: 8904309586676016085}
  - component: {fileID: 8904309586676016084}
  - component: {fileID: 8904309586676016087}
  m_Layer: 0
  m_Name: Sphere
  m_TagString: Untagged
  m_Icon: {fileID: 0}
  m_NavMeshLayer: 0
  m_StaticEditorFlags: 0
  m_IsActive: 1
--- !u!4 &8904309586676016086
Transform:
  m_ObjectHideFlags: 0
  m_CorrespondingSourceObject: {fileID: 0}
  m_PrefabInstance: {fileID: 0}
  m_PrefabAsset: {fileID: 0}
  m_GameObject: {fileID: 8904309586676016089}
  m_LocalRotation: {x: 0, y: 0, z: 0, w: 1}
  m_LocalPosition: {x: 0, y: 0.82, z: 0}
  m_LocalScale: {x: 2.7420611, y: 0.93106294, z: 2.362745}
  m_Children: []
  m_Father: {fileID: 8904309586255425183}
  m_RootOrder: 0
  m_LocalEulerAnglesHint: {x: 0, y: 0, z: 0}
--- !u!33 &8904309586676016085
MeshFilter:
  m_ObjectHideFlags: 0
  m_CorrespondingSourceObject: {fileID: 0}
  m_PrefabInstance: {fileID: 0}
  m_PrefabAsset: {fileID: 0}
  m_GameObject: {fileID: 8904309586676016089}
  m_Mesh: {fileID: 10207, guid: 0000000000000000e000000000000000, type: 0}
--- !u!23 &8904309586676016084
MeshRenderer:
  m_ObjectHideFlags: 0
  m_CorrespondingSourceObject: {fileID: 0}
  m_PrefabInstance: {fileID: 0}
  m_PrefabAsset: {fileID: 0}
  m_GameObject: {fileID: 8904309586676016089}
  m_Enabled: 1
  m_CastShadows: 1
  m_ReceiveShadows: 1
  m_DynamicOccludee: 1
  m_MotionVectors: 1
  m_LightProbeUsage: 1
  m_ReflectionProbeUsage: 1
  m_RenderingLayerMask: 1
  m_RendererPriority: 0
  m_Materials:
  - {fileID: 10303, guid: 0000000000000000f000000000000000, type: 0}
  m_StaticBatchInfo:
    firstSubMesh: 0
    subMeshCount: 0
  m_StaticBatchRoot: {fileID: 0}
  m_ProbeAnchor: {fileID: 0}
  m_LightProbeVolumeOverride: {fileID: 0}
  m_ScaleInLightmap: 1
  m_PreserveUVs: 0
  m_IgnoreNormalsForChartDetection: 0
  m_ImportantGI: 0
  m_StitchLightmapSeams: 0
  m_SelectedEditorRenderState: 3
  m_MinimumChartSize: 4
  m_AutoUVMaxDistance: 0.5
  m_AutoUVMaxAngle: 89
  m_LightmapParameters: {fileID: 0}
  m_SortingLayerID: 0
  m_SortingLayer: 0
  m_SortingOrder: 0
--- !u!135 &8904309586676016087
SphereCollider:
  m_ObjectHideFlags: 0
  m_CorrespondingSourceObject: {fileID: 0}
  m_PrefabInstance: {fileID: 0}
  m_PrefabAsset: {fileID: 0}
  m_GameObject: {fileID: 8904309586676016089}
  m_Material: {fileID: 0}
  m_IsTrigger: 0
  m_Enabled: 1
  serializedVersion: 2
  m_Radius: 0.5
  m_Center: {x: 0, y: 0, z: 0}
--- !u!1 &8904309586732032872
GameObject:
  m_ObjectHideFlags: 0
  m_CorrespondingSourceObject: {fileID: 0}
  m_PrefabInstance: {fileID: 0}
  m_PrefabAsset: {fileID: 0}
  serializedVersion: 6
  m_Component:
  - component: {fileID: 8904309586732032873}
  m_Layer: 0
  m_Name: InstantiatingDown
  m_TagString: Untagged
  m_Icon: {fileID: 0}
  m_NavMeshLayer: 0
  m_StaticEditorFlags: 0
  m_IsActive: 1
--- !u!4 &8904309586732032873
Transform:
  m_ObjectHideFlags: 0
  m_CorrespondingSourceObject: {fileID: 0}
  m_PrefabInstance: {fileID: 0}
  m_PrefabAsset: {fileID: 0}
  m_GameObject: {fileID: 8904309586732032872}
  m_LocalRotation: {x: -0, y: 0.7071068, z: -0, w: 0.7071068}
  m_LocalPosition: {x: 0, y: 0, z: 0}
  m_LocalScale: {x: 1, y: 1, z: 1}
  m_Children:
  - {fileID: 8904309585333289431}
  - {fileID: 8904309585740621395}
  - {fileID: 8904309585970002201}
  m_Father: {fileID: 8904309585325225802}
  m_RootOrder: 1
  m_LocalEulerAnglesHint: {x: 0, y: 90, z: 0}
--- !u!54 &8904309586780930072
Rigidbody:
  m_ObjectHideFlags: 0
  m_CorrespondingSourceObject: {fileID: 0}
  m_PrefabInstance: {fileID: 0}
  m_PrefabAsset: {fileID: 0}
  m_GameObject: {fileID: 8904309586780930070}
  serializedVersion: 2
  m_Mass: 1
  m_Drag: 0
  m_AngularDrag: 0.05
  m_UseGravity: 0
  m_IsKinematic: 1
  m_Interpolate: 0
  m_Constraints: 126
  m_CollisionDetection: 0
--- !u!1 &8904309587173031958
GameObject:
  m_ObjectHideFlags: 0
  m_CorrespondingSourceObject: {fileID: 0}
  m_PrefabInstance: {fileID: 0}
  m_PrefabAsset: {fileID: 0}
  serializedVersion: 6
  m_Component:
  - component: {fileID: 8904309587173031959}
  - component: {fileID: 8904309587173031956}
  m_Layer: 0
  m_Name: UpLeft
  m_TagString: UpLeft
  m_Icon: {fileID: 0}
  m_NavMeshLayer: 0
  m_StaticEditorFlags: 0
  m_IsActive: 1
--- !u!4 &8904309587173031959
Transform:
  m_ObjectHideFlags: 0
  m_CorrespondingSourceObject: {fileID: 0}
  m_PrefabInstance: {fileID: 0}
  m_PrefabAsset: {fileID: 0}
  m_GameObject: {fileID: 8904309587173031958}
  m_LocalRotation: {x: -0, y: -0.7071068, z: -0, w: 0.7071068}
  m_LocalPosition: {x: 5, y: 0, z: 5}
  m_LocalScale: {x: 1, y: 1, z: 1}
  m_Children: []
  m_Father: {fileID: 8904309585194106788}
  m_RootOrder: 2
  m_LocalEulerAnglesHint: {x: 0, y: 0, z: 0}
--- !u!65 &8904309587173031956
BoxCollider:
  m_ObjectHideFlags: 0
  m_CorrespondingSourceObject: {fileID: 0}
  m_PrefabInstance: {fileID: 0}
  m_PrefabAsset: {fileID: 0}
  m_GameObject: {fileID: 8904309587173031958}
  m_Material: {fileID: 0}
  m_IsTrigger: 1
  m_Enabled: 1
  serializedVersion: 2
  m_Size: {x: 4.6239142, y: 14.51, z: 5.7955956}
  m_Center: {x: -1.22, y: 2, z: 0.21}
--- !u!1 &8904309587215750667
GameObject:
  m_ObjectHideFlags: 0
  m_CorrespondingSourceObject: {fileID: 0}
  m_PrefabInstance: {fileID: 0}
  m_PrefabAsset: {fileID: 0}
  serializedVersion: 6
  m_Component:
  - component: {fileID: 8904309587215750664}
  - component: {fileID: 8904309587215750663}
  - component: {fileID: 8904309587215750662}
  - component: {fileID: 8904309587215750665}
  m_Layer: 0
  m_Name: Sphere
  m_TagString: Untagged
  m_Icon: {fileID: 0}
  m_NavMeshLayer: 0
  m_StaticEditorFlags: 0
  m_IsActive: 1
--- !u!4 &8904309587215750664
Transform:
  m_ObjectHideFlags: 0
  m_CorrespondingSourceObject: {fileID: 0}
  m_PrefabInstance: {fileID: 0}
  m_PrefabAsset: {fileID: 0}
  m_GameObject: {fileID: 8904309587215750667}
  m_LocalRotation: {x: 0, y: 0, z: 0, w: 1}
  m_LocalPosition: {x: 0, y: 0.82, z: 0}
  m_LocalScale: {x: 2.7420611, y: 0.93106294, z: 2.362745}
  m_Children: []
  m_Father: {fileID: 8904309586597558553}
  m_RootOrder: 0
  m_LocalEulerAnglesHint: {x: 0, y: 0, z: 0}
--- !u!33 &8904309587215750663
MeshFilter:
  m_ObjectHideFlags: 0
  m_CorrespondingSourceObject: {fileID: 0}
  m_PrefabInstance: {fileID: 0}
  m_PrefabAsset: {fileID: 0}
  m_GameObject: {fileID: 8904309587215750667}
  m_Mesh: {fileID: 10207, guid: 0000000000000000e000000000000000, type: 0}
--- !u!23 &8904309587215750662
MeshRenderer:
  m_ObjectHideFlags: 0
  m_CorrespondingSourceObject: {fileID: 0}
  m_PrefabInstance: {fileID: 0}
  m_PrefabAsset: {fileID: 0}
  m_GameObject: {fileID: 8904309587215750667}
  m_Enabled: 1
  m_CastShadows: 1
  m_ReceiveShadows: 1
  m_DynamicOccludee: 1
  m_MotionVectors: 1
  m_LightProbeUsage: 1
  m_ReflectionProbeUsage: 1
  m_RenderingLayerMask: 1
  m_RendererPriority: 0
  m_Materials:
  - {fileID: 10303, guid: 0000000000000000f000000000000000, type: 0}
  m_StaticBatchInfo:
    firstSubMesh: 0
    subMeshCount: 0
  m_StaticBatchRoot: {fileID: 0}
  m_ProbeAnchor: {fileID: 0}
  m_LightProbeVolumeOverride: {fileID: 0}
  m_ScaleInLightmap: 1
  m_PreserveUVs: 0
  m_IgnoreNormalsForChartDetection: 0
  m_ImportantGI: 0
  m_StitchLightmapSeams: 0
  m_SelectedEditorRenderState: 3
  m_MinimumChartSize: 4
  m_AutoUVMaxDistance: 0.5
  m_AutoUVMaxAngle: 89
  m_LightmapParameters: {fileID: 0}
  m_SortingLayerID: 0
  m_SortingLayer: 0
  m_SortingOrder: 0
--- !u!135 &8904309587215750665
SphereCollider:
  m_ObjectHideFlags: 0
  m_CorrespondingSourceObject: {fileID: 0}
  m_PrefabInstance: {fileID: 0}
  m_PrefabAsset: {fileID: 0}
  m_GameObject: {fileID: 8904309587215750667}
  m_Material: {fileID: 0}
  m_IsTrigger: 0
  m_Enabled: 1
  serializedVersion: 2
  m_Radius: 0.5
  m_Center: {x: 0, y: 0, z: 0}
--- !u!1001 &3969823714063392754
PrefabInstance:
  m_ObjectHideFlags: 0
  serializedVersion: 2
  m_Modification:
    m_TransformParent: {fileID: 8904309585260702256}
    m_Modifications:
    - target: {fileID: 1180664122390983837, guid: 39741e4339e2c0d4a8c7dd6f84da01a2,
        type: 3}
      propertyPath: m_Name
      value: OptimizedTree
      objectReference: {fileID: 0}
    - target: {fileID: 8025609234010983695, guid: 39741e4339e2c0d4a8c7dd6f84da01a2,
        type: 3}
      propertyPath: m_LocalPosition.x
      value: -3.18
      objectReference: {fileID: 0}
    - target: {fileID: 8025609234010983695, guid: 39741e4339e2c0d4a8c7dd6f84da01a2,
        type: 3}
      propertyPath: m_LocalPosition.y
      value: 0
      objectReference: {fileID: 0}
    - target: {fileID: 8025609234010983695, guid: 39741e4339e2c0d4a8c7dd6f84da01a2,
        type: 3}
      propertyPath: m_LocalPosition.z
      value: 2.78
      objectReference: {fileID: 0}
    - target: {fileID: 8025609234010983695, guid: 39741e4339e2c0d4a8c7dd6f84da01a2,
        type: 3}
      propertyPath: m_LocalRotation.x
      value: 0
      objectReference: {fileID: 0}
    - target: {fileID: 8025609234010983695, guid: 39741e4339e2c0d4a8c7dd6f84da01a2,
        type: 3}
      propertyPath: m_LocalRotation.y
      value: 0
      objectReference: {fileID: 0}
    - target: {fileID: 8025609234010983695, guid: 39741e4339e2c0d4a8c7dd6f84da01a2,
        type: 3}
      propertyPath: m_LocalRotation.z
      value: 0
      objectReference: {fileID: 0}
    - target: {fileID: 8025609234010983695, guid: 39741e4339e2c0d4a8c7dd6f84da01a2,
        type: 3}
      propertyPath: m_LocalRotation.w
      value: 1
      objectReference: {fileID: 0}
    - target: {fileID: 8025609234010983695, guid: 39741e4339e2c0d4a8c7dd6f84da01a2,
        type: 3}
      propertyPath: m_RootOrder
      value: 4
      objectReference: {fileID: 0}
    - target: {fileID: 8025609234010983695, guid: 39741e4339e2c0d4a8c7dd6f84da01a2,
        type: 3}
      propertyPath: m_LocalEulerAnglesHint.x
      value: 0
      objectReference: {fileID: 0}
    - target: {fileID: 8025609234010983695, guid: 39741e4339e2c0d4a8c7dd6f84da01a2,
        type: 3}
      propertyPath: m_LocalEulerAnglesHint.y
      value: 0
      objectReference: {fileID: 0}
    - target: {fileID: 8025609234010983695, guid: 39741e4339e2c0d4a8c7dd6f84da01a2,
        type: 3}
      propertyPath: m_LocalEulerAnglesHint.z
      value: 0
      objectReference: {fileID: 0}
    m_RemovedComponents: []
  m_SourcePrefab: {fileID: 100100000, guid: 39741e4339e2c0d4a8c7dd6f84da01a2, type: 3}
--- !u!1 &2843225335980501871 stripped
GameObject:
  m_CorrespondingSourceObject: {fileID: 1180664122390983837, guid: 39741e4339e2c0d4a8c7dd6f84da01a2,
    type: 3}
  m_PrefabInstance: {fileID: 3969823714063392754}
  m_PrefabAsset: {fileID: 0}
--- !u!4 &6374586548594823933 stripped
Transform:
  m_CorrespondingSourceObject: {fileID: 8025609234010983695, guid: 39741e4339e2c0d4a8c7dd6f84da01a2,
    type: 3}
  m_PrefabInstance: {fileID: 3969823714063392754}
  m_PrefabAsset: {fileID: 0}
--- !u!1001 &8126475760183646082
PrefabInstance:
  m_ObjectHideFlags: 0
  serializedVersion: 2
  m_Modification:
    m_TransformParent: {fileID: 8904309585919834154}
    m_Modifications:
    - target: {fileID: 816696079044319976, guid: cfcddfefdd7438c488cf6841392899ad,
        type: 3}
      propertyPath: m_Name
      value: CenterLeft
      objectReference: {fileID: 0}
    - target: {fileID: 816696079044319976, guid: cfcddfefdd7438c488cf6841392899ad,
        type: 3}
      propertyPath: m_IsActive
      value: 1
      objectReference: {fileID: 0}
    - target: {fileID: 816696079044319977, guid: cfcddfefdd7438c488cf6841392899ad,
        type: 3}
      propertyPath: m_LocalPosition.x
      value: -5
      objectReference: {fileID: 0}
    - target: {fileID: 816696079044319977, guid: cfcddfefdd7438c488cf6841392899ad,
        type: 3}
      propertyPath: m_LocalPosition.y
      value: 0
      objectReference: {fileID: 0}
    - target: {fileID: 816696079044319977, guid: cfcddfefdd7438c488cf6841392899ad,
        type: 3}
      propertyPath: m_LocalPosition.z
      value: -0.000029504296
      objectReference: {fileID: 0}
    - target: {fileID: 816696079044319977, guid: cfcddfefdd7438c488cf6841392899ad,
        type: 3}
      propertyPath: m_LocalRotation.x
      value: -0
      objectReference: {fileID: 0}
    - target: {fileID: 816696079044319977, guid: cfcddfefdd7438c488cf6841392899ad,
        type: 3}
      propertyPath: m_LocalRotation.y
      value: 1
      objectReference: {fileID: 0}
    - target: {fileID: 816696079044319977, guid: cfcddfefdd7438c488cf6841392899ad,
        type: 3}
      propertyPath: m_LocalRotation.z
      value: -0
      objectReference: {fileID: 0}
    - target: {fileID: 816696079044319977, guid: cfcddfefdd7438c488cf6841392899ad,
        type: 3}
      propertyPath: m_LocalRotation.w
      value: 0.0000029504295
      objectReference: {fileID: 0}
    - target: {fileID: 816696079044319977, guid: cfcddfefdd7438c488cf6841392899ad,
        type: 3}
      propertyPath: m_RootOrder
      value: 1
      objectReference: {fileID: 0}
    - target: {fileID: 816696079044319977, guid: cfcddfefdd7438c488cf6841392899ad,
        type: 3}
      propertyPath: m_LocalEulerAnglesHint.x
      value: 0
      objectReference: {fileID: 0}
    - target: {fileID: 816696079044319977, guid: cfcddfefdd7438c488cf6841392899ad,
        type: 3}
      propertyPath: m_LocalEulerAnglesHint.y
      value: 0
      objectReference: {fileID: 0}
    - target: {fileID: 816696079044319977, guid: cfcddfefdd7438c488cf6841392899ad,
        type: 3}
      propertyPath: m_LocalEulerAnglesHint.z
      value: 0
      objectReference: {fileID: 0}
    - target: {fileID: 7696091152815990148, guid: cfcddfefdd7438c488cf6841392899ad,
        type: 3}
      propertyPath: TerrainsToSPawn.Array.data[0]
      value: 
      objectReference: {fileID: 8904309585181154805}
    m_RemovedComponents: []
  m_SourcePrefab: {fileID: 100100000, guid: cfcddfefdd7438c488cf6841392899ad, type: 3}
--- !u!4 &8904309585695051115 stripped
Transform:
  m_CorrespondingSourceObject: {fileID: 816696079044319977, guid: cfcddfefdd7438c488cf6841392899ad,
    type: 3}
  m_PrefabInstance: {fileID: 8126475760183646082}
  m_PrefabAsset: {fileID: 0}
--- !u!1 &8904309585695051114 stripped
GameObject:
  m_CorrespondingSourceObject: {fileID: 816696079044319976, guid: cfcddfefdd7438c488cf6841392899ad,
    type: 3}
  m_PrefabInstance: {fileID: 8126475760183646082}
  m_PrefabAsset: {fileID: 0}
--- !u!1001 &8904309585574405347
PrefabInstance:
  m_ObjectHideFlags: 0
  serializedVersion: 2
  m_Modification:
    m_TransformParent: {fileID: 8904309585260702256}
    m_Modifications:
    - target: {fileID: 1180664122390983837, guid: 39741e4339e2c0d4a8c7dd6f84da01a2,
        type: 3}
      propertyPath: m_Name
      value: OptimizedTree (2)
      objectReference: {fileID: 0}
    - target: {fileID: 8025609234010983695, guid: 39741e4339e2c0d4a8c7dd6f84da01a2,
        type: 3}
      propertyPath: m_LocalPosition.x
      value: -3.18
      objectReference: {fileID: 0}
    - target: {fileID: 8025609234010983695, guid: 39741e4339e2c0d4a8c7dd6f84da01a2,
        type: 3}
      propertyPath: m_LocalPosition.y
      value: 0
      objectReference: {fileID: 0}
    - target: {fileID: 8025609234010983695, guid: 39741e4339e2c0d4a8c7dd6f84da01a2,
        type: 3}
      propertyPath: m_LocalPosition.z
      value: 0.38
      objectReference: {fileID: 0}
    - target: {fileID: 8025609234010983695, guid: 39741e4339e2c0d4a8c7dd6f84da01a2,
        type: 3}
      propertyPath: m_LocalRotation.x
      value: 0
      objectReference: {fileID: 0}
    - target: {fileID: 8025609234010983695, guid: 39741e4339e2c0d4a8c7dd6f84da01a2,
        type: 3}
      propertyPath: m_LocalRotation.y
      value: 0
      objectReference: {fileID: 0}
    - target: {fileID: 8025609234010983695, guid: 39741e4339e2c0d4a8c7dd6f84da01a2,
        type: 3}
      propertyPath: m_LocalRotation.z
      value: 0
      objectReference: {fileID: 0}
    - target: {fileID: 8025609234010983695, guid: 39741e4339e2c0d4a8c7dd6f84da01a2,
        type: 3}
      propertyPath: m_LocalRotation.w
      value: 1
      objectReference: {fileID: 0}
    - target: {fileID: 8025609234010983695, guid: 39741e4339e2c0d4a8c7dd6f84da01a2,
        type: 3}
      propertyPath: m_RootOrder
      value: 6
      objectReference: {fileID: 0}
    - target: {fileID: 8025609234010983695, guid: 39741e4339e2c0d4a8c7dd6f84da01a2,
        type: 3}
      propertyPath: m_LocalEulerAnglesHint.x
      value: 0
      objectReference: {fileID: 0}
    - target: {fileID: 8025609234010983695, guid: 39741e4339e2c0d4a8c7dd6f84da01a2,
        type: 3}
      propertyPath: m_LocalEulerAnglesHint.y
      value: 0
      objectReference: {fileID: 0}
    - target: {fileID: 8025609234010983695, guid: 39741e4339e2c0d4a8c7dd6f84da01a2,
        type: 3}
      propertyPath: m_LocalEulerAnglesHint.z
      value: 0
      objectReference: {fileID: 0}
    m_RemovedComponents: []
  m_SourcePrefab: {fileID: 100100000, guid: 39741e4339e2c0d4a8c7dd6f84da01a2, type: 3}
--- !u!4 &1509488142008543724 stripped
Transform:
  m_CorrespondingSourceObject: {fileID: 8025609234010983695, guid: 39741e4339e2c0d4a8c7dd6f84da01a2,
    type: 3}
  m_PrefabInstance: {fileID: 8904309585574405347}
  m_PrefabAsset: {fileID: 0}
--- !u!1 &7777991054613876862 stripped
GameObject:
  m_CorrespondingSourceObject: {fileID: 1180664122390983837, guid: 39741e4339e2c0d4a8c7dd6f84da01a2,
    type: 3}
  m_PrefabInstance: {fileID: 8904309585574405347}
  m_PrefabAsset: {fileID: 0}
--- !u!1001 &8904309586538451563
PrefabInstance:
  m_ObjectHideFlags: 0
  serializedVersion: 2
  m_Modification:
    m_TransformParent: {fileID: 8904309585260702256}
    m_Modifications:
    - target: {fileID: 1180664122390983837, guid: 39741e4339e2c0d4a8c7dd6f84da01a2,
        type: 3}
      propertyPath: m_Name
      value: OptimizedTree (3)
      objectReference: {fileID: 0}
    - target: {fileID: 8025609234010983695, guid: 39741e4339e2c0d4a8c7dd6f84da01a2,
        type: 3}
      propertyPath: m_LocalPosition.x
      value: 1.2
      objectReference: {fileID: 0}
    - target: {fileID: 8025609234010983695, guid: 39741e4339e2c0d4a8c7dd6f84da01a2,
        type: 3}
      propertyPath: m_LocalPosition.y
      value: 0
      objectReference: {fileID: 0}
    - target: {fileID: 8025609234010983695, guid: 39741e4339e2c0d4a8c7dd6f84da01a2,
        type: 3}
      propertyPath: m_LocalPosition.z
      value: -3
      objectReference: {fileID: 0}
    - target: {fileID: 8025609234010983695, guid: 39741e4339e2c0d4a8c7dd6f84da01a2,
        type: 3}
      propertyPath: m_LocalRotation.x
      value: 0
      objectReference: {fileID: 0}
    - target: {fileID: 8025609234010983695, guid: 39741e4339e2c0d4a8c7dd6f84da01a2,
        type: 3}
      propertyPath: m_LocalRotation.y
      value: 0
      objectReference: {fileID: 0}
    - target: {fileID: 8025609234010983695, guid: 39741e4339e2c0d4a8c7dd6f84da01a2,
        type: 3}
      propertyPath: m_LocalRotation.z
      value: 0
      objectReference: {fileID: 0}
    - target: {fileID: 8025609234010983695, guid: 39741e4339e2c0d4a8c7dd6f84da01a2,
        type: 3}
      propertyPath: m_LocalRotation.w
      value: 1
      objectReference: {fileID: 0}
    - target: {fileID: 8025609234010983695, guid: 39741e4339e2c0d4a8c7dd6f84da01a2,
        type: 3}
      propertyPath: m_RootOrder
      value: 7
      objectReference: {fileID: 0}
    - target: {fileID: 8025609234010983695, guid: 39741e4339e2c0d4a8c7dd6f84da01a2,
        type: 3}
      propertyPath: m_LocalEulerAnglesHint.x
      value: 0
      objectReference: {fileID: 0}
    - target: {fileID: 8025609234010983695, guid: 39741e4339e2c0d4a8c7dd6f84da01a2,
        type: 3}
      propertyPath: m_LocalEulerAnglesHint.y
      value: 0
      objectReference: {fileID: 0}
    - target: {fileID: 8025609234010983695, guid: 39741e4339e2c0d4a8c7dd6f84da01a2,
        type: 3}
      propertyPath: m_LocalEulerAnglesHint.z
      value: 0
      objectReference: {fileID: 0}
    - target: {fileID: 8025609234010983695, guid: 39741e4339e2c0d4a8c7dd6f84da01a2,
        type: 3}
      propertyPath: m_LocalScale.x
      value: 0.15929
      objectReference: {fileID: 0}
    - target: {fileID: 8025609234010983695, guid: 39741e4339e2c0d4a8c7dd6f84da01a2,
        type: 3}
      propertyPath: m_LocalScale.y
      value: 0.15929
      objectReference: {fileID: 0}
    - target: {fileID: 8025609234010983695, guid: 39741e4339e2c0d4a8c7dd6f84da01a2,
        type: 3}
      propertyPath: m_LocalScale.z
      value: 0.15929
      objectReference: {fileID: 0}
    m_RemovedComponents: []
  m_SourcePrefab: {fileID: 100100000, guid: 39741e4339e2c0d4a8c7dd6f84da01a2, type: 3}
--- !u!4 &1509488143213731684 stripped
Transform:
  m_CorrespondingSourceObject: {fileID: 8025609234010983695, guid: 39741e4339e2c0d4a8c7dd6f84da01a2,
    type: 3}
  m_PrefabInstance: {fileID: 8904309586538451563}
  m_PrefabAsset: {fileID: 0}
--- !u!1 &7777991055841126134 stripped
GameObject:
  m_CorrespondingSourceObject: {fileID: 1180664122390983837, guid: 39741e4339e2c0d4a8c7dd6f84da01a2,
    type: 3}
  m_PrefabInstance: {fileID: 8904309586538451563}
  m_PrefabAsset: {fileID: 0}
--- !u!1001 &8904309586556832453
PrefabInstance:
  m_ObjectHideFlags: 0
  serializedVersion: 2
  m_Modification:
    m_TransformParent: {fileID: 8904309585260702256}
    m_Modifications:
    - target: {fileID: 1180664122390983837, guid: 39741e4339e2c0d4a8c7dd6f84da01a2,
        type: 3}
      propertyPath: m_Name
      value: OptimizedTree (4)
      objectReference: {fileID: 0}
    - target: {fileID: 8025609234010983695, guid: 39741e4339e2c0d4a8c7dd6f84da01a2,
        type: 3}
      propertyPath: m_LocalPosition.x
      value: 3.1
      objectReference: {fileID: 0}
    - target: {fileID: 8025609234010983695, guid: 39741e4339e2c0d4a8c7dd6f84da01a2,
        type: 3}
      propertyPath: m_LocalPosition.y
      value: 0
      objectReference: {fileID: 0}
    - target: {fileID: 8025609234010983695, guid: 39741e4339e2c0d4a8c7dd6f84da01a2,
        type: 3}
      propertyPath: m_LocalPosition.z
      value: -0.29
      objectReference: {fileID: 0}
    - target: {fileID: 8025609234010983695, guid: 39741e4339e2c0d4a8c7dd6f84da01a2,
        type: 3}
      propertyPath: m_LocalRotation.x
      value: 0
      objectReference: {fileID: 0}
    - target: {fileID: 8025609234010983695, guid: 39741e4339e2c0d4a8c7dd6f84da01a2,
        type: 3}
      propertyPath: m_LocalRotation.y
      value: 0
      objectReference: {fileID: 0}
    - target: {fileID: 8025609234010983695, guid: 39741e4339e2c0d4a8c7dd6f84da01a2,
        type: 3}
      propertyPath: m_LocalRotation.z
      value: 0
      objectReference: {fileID: 0}
    - target: {fileID: 8025609234010983695, guid: 39741e4339e2c0d4a8c7dd6f84da01a2,
        type: 3}
      propertyPath: m_LocalRotation.w
      value: 1
      objectReference: {fileID: 0}
    - target: {fileID: 8025609234010983695, guid: 39741e4339e2c0d4a8c7dd6f84da01a2,
        type: 3}
      propertyPath: m_RootOrder
      value: 8
      objectReference: {fileID: 0}
    - target: {fileID: 8025609234010983695, guid: 39741e4339e2c0d4a8c7dd6f84da01a2,
        type: 3}
      propertyPath: m_LocalEulerAnglesHint.x
      value: 0
      objectReference: {fileID: 0}
    - target: {fileID: 8025609234010983695, guid: 39741e4339e2c0d4a8c7dd6f84da01a2,
        type: 3}
      propertyPath: m_LocalEulerAnglesHint.y
      value: 0
      objectReference: {fileID: 0}
    - target: {fileID: 8025609234010983695, guid: 39741e4339e2c0d4a8c7dd6f84da01a2,
        type: 3}
      propertyPath: m_LocalEulerAnglesHint.z
      value: 0
      objectReference: {fileID: 0}
    - target: {fileID: 8025609234010983695, guid: 39741e4339e2c0d4a8c7dd6f84da01a2,
        type: 3}
      propertyPath: m_LocalScale.x
      value: 0.15929
      objectReference: {fileID: 0}
    - target: {fileID: 8025609234010983695, guid: 39741e4339e2c0d4a8c7dd6f84da01a2,
        type: 3}
      propertyPath: m_LocalScale.y
      value: 0.15929
      objectReference: {fileID: 0}
    - target: {fileID: 8025609234010983695, guid: 39741e4339e2c0d4a8c7dd6f84da01a2,
        type: 3}
      propertyPath: m_LocalScale.z
      value: 0.15929
      objectReference: {fileID: 0}
    m_RemovedComponents: []
  m_SourcePrefab: {fileID: 100100000, guid: 39741e4339e2c0d4a8c7dd6f84da01a2, type: 3}
--- !u!4 &1509488143324317642 stripped
Transform:
  m_CorrespondingSourceObject: {fileID: 8025609234010983695, guid: 39741e4339e2c0d4a8c7dd6f84da01a2,
    type: 3}
  m_PrefabInstance: {fileID: 8904309586556832453}
  m_PrefabAsset: {fileID: 0}
--- !u!1 &7777991055797583448 stripped
GameObject:
  m_CorrespondingSourceObject: {fileID: 1180664122390983837, guid: 39741e4339e2c0d4a8c7dd6f84da01a2,
    type: 3}
  m_PrefabInstance: {fileID: 8904309586556832453}
  m_PrefabAsset: {fileID: 0}
--- !u!1001 &8904309586688073226
PrefabInstance:
  m_ObjectHideFlags: 0
  serializedVersion: 2
  m_Modification:
    m_TransformParent: {fileID: 8904309585260702256}
    m_Modifications:
    - target: {fileID: 1180664122390983837, guid: 39741e4339e2c0d4a8c7dd6f84da01a2,
        type: 3}
      propertyPath: m_Name
      value: OptimizedTree (1)
      objectReference: {fileID: 0}
    - target: {fileID: 8025609234010983695, guid: 39741e4339e2c0d4a8c7dd6f84da01a2,
        type: 3}
      propertyPath: m_LocalPosition.x
      value: 0.62
      objectReference: {fileID: 0}
    - target: {fileID: 8025609234010983695, guid: 39741e4339e2c0d4a8c7dd6f84da01a2,
        type: 3}
      propertyPath: m_LocalPosition.y
      value: 0
      objectReference: {fileID: 0}
    - target: {fileID: 8025609234010983695, guid: 39741e4339e2c0d4a8c7dd6f84da01a2,
        type: 3}
      propertyPath: m_LocalPosition.z
      value: 2.78
      objectReference: {fileID: 0}
    - target: {fileID: 8025609234010983695, guid: 39741e4339e2c0d4a8c7dd6f84da01a2,
        type: 3}
      propertyPath: m_LocalRotation.x
      value: 0
      objectReference: {fileID: 0}
    - target: {fileID: 8025609234010983695, guid: 39741e4339e2c0d4a8c7dd6f84da01a2,
        type: 3}
      propertyPath: m_LocalRotation.y
      value: 0
      objectReference: {fileID: 0}
    - target: {fileID: 8025609234010983695, guid: 39741e4339e2c0d4a8c7dd6f84da01a2,
        type: 3}
      propertyPath: m_LocalRotation.z
      value: 0
      objectReference: {fileID: 0}
    - target: {fileID: 8025609234010983695, guid: 39741e4339e2c0d4a8c7dd6f84da01a2,
        type: 3}
      propertyPath: m_LocalRotation.w
      value: 1
      objectReference: {fileID: 0}
    - target: {fileID: 8025609234010983695, guid: 39741e4339e2c0d4a8c7dd6f84da01a2,
        type: 3}
      propertyPath: m_RootOrder
      value: 5
      objectReference: {fileID: 0}
    - target: {fileID: 8025609234010983695, guid: 39741e4339e2c0d4a8c7dd6f84da01a2,
        type: 3}
      propertyPath: m_LocalEulerAnglesHint.x
      value: 0
      objectReference: {fileID: 0}
    - target: {fileID: 8025609234010983695, guid: 39741e4339e2c0d4a8c7dd6f84da01a2,
        type: 3}
      propertyPath: m_LocalEulerAnglesHint.y
      value: 0
      objectReference: {fileID: 0}
    - target: {fileID: 8025609234010983695, guid: 39741e4339e2c0d4a8c7dd6f84da01a2,
        type: 3}
      propertyPath: m_LocalEulerAnglesHint.z
      value: 0
      objectReference: {fileID: 0}
    - target: {fileID: 8025609234010983695, guid: 39741e4339e2c0d4a8c7dd6f84da01a2,
        type: 3}
      propertyPath: m_LocalScale.y
      value: 0.3596
      objectReference: {fileID: 0}
    m_RemovedComponents: []
  m_SourcePrefab: {fileID: 100100000, guid: 39741e4339e2c0d4a8c7dd6f84da01a2, type: 3}
--- !u!1 &7777991055656118935 stripped
GameObject:
  m_CorrespondingSourceObject: {fileID: 1180664122390983837, guid: 39741e4339e2c0d4a8c7dd6f84da01a2,
    type: 3}
  m_PrefabInstance: {fileID: 8904309586688073226}
  m_PrefabAsset: {fileID: 0}
--- !u!4 &1509488143197541125 stripped
Transform:
  m_CorrespondingSourceObject: {fileID: 8025609234010983695, guid: 39741e4339e2c0d4a8c7dd6f84da01a2,
    type: 3}
  m_PrefabInstance: {fileID: 8904309586688073226}
  m_PrefabAsset: {fileID: 0}
--- !u!1001 &8919768782611758576
PrefabInstance:
  m_ObjectHideFlags: 0
  serializedVersion: 2
  m_Modification:
    m_TransformParent: {fileID: 8904309585919834154}
    m_Modifications:
    - target: {fileID: 25636309819194854, guid: ba0e86dc4e003bf49a2c5801c299992f,
        type: 3}
      propertyPath: m_Name
      value: CenterRight
      objectReference: {fileID: 0}
    - target: {fileID: 25636309819194854, guid: ba0e86dc4e003bf49a2c5801c299992f,
        type: 3}
      propertyPath: m_IsActive
      value: 0
      objectReference: {fileID: 0}
    - target: {fileID: 25636309819194855, guid: ba0e86dc4e003bf49a2c5801c299992f,
        type: 3}
      propertyPath: m_LocalPosition.x
      value: 5
      objectReference: {fileID: 0}
    - target: {fileID: 25636309819194855, guid: ba0e86dc4e003bf49a2c5801c299992f,
        type: 3}
      propertyPath: m_LocalPosition.y
      value: 0
      objectReference: {fileID: 0}
    - target: {fileID: 25636309819194855, guid: ba0e86dc4e003bf49a2c5801c299992f,
        type: 3}
      propertyPath: m_LocalPosition.z
      value: 0
      objectReference: {fileID: 0}
    - target: {fileID: 25636309819194855, guid: ba0e86dc4e003bf49a2c5801c299992f,
        type: 3}
      propertyPath: m_LocalRotation.x
      value: 0
      objectReference: {fileID: 0}
    - target: {fileID: 25636309819194855, guid: ba0e86dc4e003bf49a2c5801c299992f,
        type: 3}
      propertyPath: m_LocalRotation.y
      value: 0
      objectReference: {fileID: 0}
    - target: {fileID: 25636309819194855, guid: ba0e86dc4e003bf49a2c5801c299992f,
        type: 3}
      propertyPath: m_LocalRotation.z
      value: 0
      objectReference: {fileID: 0}
    - target: {fileID: 25636309819194855, guid: ba0e86dc4e003bf49a2c5801c299992f,
        type: 3}
      propertyPath: m_LocalRotation.w
      value: 1
      objectReference: {fileID: 0}
    - target: {fileID: 25636309819194855, guid: ba0e86dc4e003bf49a2c5801c299992f,
        type: 3}
      propertyPath: m_RootOrder
      value: 0
      objectReference: {fileID: 0}
    - target: {fileID: 25636309819194855, guid: ba0e86dc4e003bf49a2c5801c299992f,
        type: 3}
      propertyPath: m_LocalEulerAnglesHint.x
      value: 0
      objectReference: {fileID: 0}
    - target: {fileID: 25636309819194855, guid: ba0e86dc4e003bf49a2c5801c299992f,
        type: 3}
      propertyPath: m_LocalEulerAnglesHint.y
      value: 0
      objectReference: {fileID: 0}
    - target: {fileID: 25636309819194855, guid: ba0e86dc4e003bf49a2c5801c299992f,
        type: 3}
      propertyPath: m_LocalEulerAnglesHint.z
      value: 0
      objectReference: {fileID: 0}
    - target: {fileID: 9114014364462742184, guid: ba0e86dc4e003bf49a2c5801c299992f,
        type: 3}
      propertyPath: TerrainsToSPawn.Array.size
      value: 1
      objectReference: {fileID: 0}
    - target: {fileID: 9114014364462742184, guid: ba0e86dc4e003bf49a2c5801c299992f,
        type: 3}
      propertyPath: TerrainsToSPawn.Array.data[0]
      value: 
      objectReference: {fileID: 0}
    m_RemovedComponents:
    - {fileID: 9114014364462742184, guid: ba0e86dc4e003bf49a2c5801c299992f, type: 3}
  m_SourcePrefab: {fileID: 100100000, guid: ba0e86dc4e003bf49a2c5801c299992f, type: 3}
--- !u!4 &8904309586780930071 stripped
Transform:
  m_CorrespondingSourceObject: {fileID: 25636309819194855, guid: ba0e86dc4e003bf49a2c5801c299992f,
    type: 3}
  m_PrefabInstance: {fileID: 8919768782611758576}
  m_PrefabAsset: {fileID: 0}
--- !u!1 &8904309586780930070 stripped
GameObject:
  m_CorrespondingSourceObject: {fileID: 25636309819194854, guid: ba0e86dc4e003bf49a2c5801c299992f,
    type: 3}
  m_PrefabInstance: {fileID: 8919768782611758576}
  m_PrefabAsset: {fileID: 0}
